@Article{getoor:kdd-exp05,
  author       = "Getoor, Lise and Diehl, Christopher",
  title        = "Link Mining: A Survey",
  journal      = "SigKDD Explorations Special Issue on Link Mining",
  number       = "2",
  volume       = "7",
  month        = "december",
  year         = "2005",
  key          = "getoor:kdd-exp05",
  url          = "http://waimea.cs.umd.edu:8080/basilic/web/Publications/2005/getoor:kdd-exp05"
}
